@article{einstein,
    author = "Albert Einstein",
    title = "{Zur Elektrodynamik bewegter K{\"o}rper}. ({German})
    [{On} the electrodynamics of moving bodies]",
    journal = "Annalen der Physik",
    volume = "322",
    number = "10",
    pages = "891--921",
    year = "1905",
    DOI = "http://dx.doi.org/10.1002/andp.19053221004",
    keywords = "physics"
}

@book{dirac,
    title = {The Principles of Quantum Mechanics},
    author = {Paul Adrien Maurice Dirac},
    isbn = {9780198520115},
    series = {International series of monographs on physics},
    year = {1981},
    publisher = {Clarendon Press},
    keywords = {physics}
}

@online{knuthwebsite,
    author = "Donald Knuth",
    title = "Knuth: Computers and Typesetting",
    url  = "http://www-cs-faculty.stanford.edu/~uno/abcde.html",
    addendum = "(accessed: 01.09.2016)",
    keywords = "latex,knuth"
}

@inbook{knuth-fa,
    author = "Donald E. Knuth",
    title = "Fundamental Algorithms",
    publisher = "Addison-Wesley",
    year = "1973",
    chapter = "1.2",
    keywords  = "knuth,programming"
}

@article{wang2002synchronization,
  title={Synchronization in scale-free dynamical networks: robustness and fragility},
  author={Wang, Xiao Fan and Chen, Guanrong},
  journal={IEEE Transactions on Circuits and Systems I: Fundamental Theory and Applications},
  volume={49},
  number={1},
  pages={54--62},
  year={2002},
  publisher={IEEE}
}

@article{STEFANESCU2012748,
title = {Computational models of epilepsy},
journal = {Seizure},
volume = {21},
number = {10},
pages = {748-759},
year = {2012},
issn = {1059-1311},
doi = {https://doi.org/10.1016/j.seizure.2012.08.012},
url = {https://www.sciencedirect.com/science/article/pii/S1059131112002245},
author = {Roxana A. Stefanescu and R.G. Shivakeshavan and Sachin S. Talathi},
keywords = {Epilepsy, Computational modeling, Dynamical systems theory, Deterministic models, Non-deterministic models, Macro vs. micro models, Electrical stimulation therapy, Light stimulation therapy},
}

